@article{maldacena1999large,
  title={The large-N limit of superconformal field theories and supergravity},
  author={Maldacena, Juan},
  journal={International journal of theoretical physics},
  volume={38},
  number={4},
  pages={1113--1133},
  year={1999},
  publisher={Springer}
}

@article{sohnius1985introducing,
  title={Introducing supersymmetry},
  author={Sohnius, Martin F},
  journal={Physics reports},
  volume={128},
  number={2-3},
  pages={39--204},
  year={1985},
  publisher={Elsevier}
}

@phdthesis{samberg2012holographic,
  title={A Holographic View on Screening in Strongly Coupled Plasmas with Chemical Potential},
  author={Samberg, A},
  year={2012},
  school={diploma thesis, Heidelberg University}
}

@article{susskind1995world,
  title={The world as a hologram},
  author={Susskind, Leonard},
  journal={Journal of Mathematical Physics},
  volume={36},
  number={11},
  pages={6377--6396},
  year={1995},
  publisher={American Institute of Physics}
}

@incollection{hooft2001holographic,
  title={The holographic principle},
  author={Hooft, Gerard't},
  booktitle={Basics and Highlights in Fundamental Physics},
  pages={72--100},
  year={2001},
  publisher={World Scientific}
}

@article{birmingham2001choptuik,
  title={Choptuik scaling and quasinormal modes in the anti--de Sitter space/conformal-field theory correspondence},
  author={Birmingham, Danny},
  journal={Physical Review D},
  volume={64},
  number={6},
  pages={064024},
  year={2001},
  publisher={APS}
}

@article{birmingham2002conformal,
  title={Conformal field theory interpretation of black hole quasinormal modes},
  author={Birmingham, Danny and Sachs, Ivo and Solodukhin, Sergey N},
  journal={Physical review letters},
  volume={88},
  number={15},
  pages={151301},
  year={2002},
  publisher={APS}
}

@article{karakasis2021black,
  title={Black holes of (2+ 1)-dimensional f (R) gravity coupled to a scalar field},
  author={Karakasis, Thanasis and Papantonopoulos, Eleftherios and Tang, Zi-Yu and Wang, Bin},
  journal={Physical Review D},
  volume={103},
  number={6},
  pages={064063},
  year={2021},
  publisher={APS}
}

@article{corichi2022introduction,
  title={Introduction to the ADM formalism},
  author={Corichi, Alejandro and N{\'u}{\~n}ez, Dario},
  journal={arXiv preprint arXiv:2210.10103},
  year={2022}
}

@article{ashtekar2021short,
  title={A short review of loop quantum gravity},
  author={Ashtekar, Abhay and Bianchi, Eugenio},
  journal={Reports on Progress in Physics},
  volume={84},
  number={4},
  pages={042001},
  year={2021},
  publisher={IOP Publishing}
}

@article{dreyer2003quasinormal,
  title={Quasinormal modes, the area spectrum, and black hole entropy},
  author={Dreyer, Olaf},
  journal={Physical Review Letters},
  volume={90},
  number={8},
  pages={081301},
  year={2003},
  publisher={APS}
}

@article{ashtekar1997quantum,
  title={Quantum theory of geometry: I. Area operators},
  author={Ashtekar, Abhay and Lewandowski, Jerzy},
  journal={Classical and Quantum Gravity},
  volume={14},
  number={1A},
  pages={A55},
  year={1997},
  publisher={IOP Publishing}
}

@article{nollert1999quasinormal,
  title={Quasinormal modes: the characteristicsound'of black holes and neutron stars},
  author={Nollert, Hans-Peter},
  journal={Classical and Quantum Gravity},
  volume={16},
  number={12},
  pages={R159},
  year={1999},
  publisher={IOP Publishing}
}

@article{volkel2022constraining,
  title={Constraining modifications of black hole perturbation potentials near the light ring with quasinormal modes},
  author={V{\"o}lkel, Sebastian H and Franchini, Nicola and Barausse, Enrico and Berti, Emanuele},
  journal={Physical Review D},
  volume={106},
  number={12},
  pages={124036},
  year={2022},
  publisher={APS}
}

@article{gogoi2024constraints,
  title={Constraints on Quasinormal modes from Black Hole Shadows in regular non-minimal Einstein Yang-Mills Gravity},
  author={Gogoi, Dhruba Jyoti and Ponglertsakul, Supakchai},
  journal={arXiv preprint arXiv:2402.06186},
  year={2024}
}

